4000 3000
302 350 1504 463 blouse is the best of all the gils.
280 442 1765 565 6) My bike is worse thon Don's bike. His
303 545 1837 643 bike is the best and my bike is the worst in
311 663 610 753 my class.
1425 724 1686 794 16 aplil
871 811 1337 899 Home work
847 904 1022 978 Ex 2
274 988 1072 1090 A. Good better best.
375 1099 1168 1198 Better good the best.
377 1189 1181 1277 Better good the best.
370 1287 1269 1363 Good better tb the best.
290 1377 1142 1455 B. Bad worse the worst.
394 1461 1142 1539 Worse bed the wrose.
395 1562 1178 1628 Bed worse the wors
363 1655 1147 1720 worse bed the worst.
1390 1803 1707 1899 apeil 23
792 1884 1188 1979 Home worc
837 1987 996 2072 Ex A
345 2092 1679 2189 was Selly happy Сали была счисливая
342 2185 1894 2275 was selly was Chase happy сали была в парке
344 2273 1766 2358 was Mrs Barker in the sbop тисес баркер
390 2363 1065 2454 не была в магазине
2013 377 3433 456 were the Barker at home in the evening
2027 469 3248 570 симья Баркер была дома вечером
3093 623 3338 717 april 23
2535 703 2868 795 Home work
2500 806 2687 903 Ex A
2037 894 2828 1000 es, last Sunday was.
2028 1003 3117 1091 es there were clouds in the sky.
1990 1076 2894 1184 No, Jon wasn't at the zoo.
1995 1178 2912 1268 Yes, Sally was in her garden.
1999 1258 3416 1360 No, there were no t outs in the Park at night.
2559 1332 2747 1428 Ex 13
1927 1430 2713 1538 1) I as happy Sally?
1929 1525 2672 1619 2) Was chase happy?
1932 1572 3187 1709 3) Sally and Chase were in the park?
1930 1694 3143 1786 4) Was mrs Mrs. Barker in the store?
1934 1774 2631 1891 5) Were you at home?
3026 1879 3295 1972 april
2544 1946 2714 2032 Test
2511 2039 2648 2130 E 1
2111 2122 3440 2233 Yellow house is wide than green
2028 2227 3406 2339 one. This tower is the higher in
2034 2307 3458 2416 towen. Today the weathere is fine.
