4000 3000
1137 595 1327 721 Ex 2
557 714 1783 832 ago - тому назад then - затем
543 775 1907 916 last - последний vesterday - вчера
1063 869 1240 971 Ex 3
554 971 1575 1095 happy - happyin - the hapyst.
561 1082 1540 1162 hot - hotter - the hotterst.
545 1149 1650 1259 hungry hungrier the hangriest
548 1230 1889 1340 slow slower - slowest the sloveist.
1132 1316 1370 1420 Ex 4
578 1417 1700 1524 Солнечный день - sunny doy.
589 1512 1774 1620 Ветреное утро - winde morning
603 1609 1710 1701 Снежный сезон snow season
584 1699 1533 1815 туманый вечер Fogi evning
564 1785 1486 1881 облочное небо a clovdi sky
525 1868 1467 1988 дождливый день a rani day
1018 2020 1193 2142 Ex 6
585 2131 1810 2242 My frend was very happy yesterday
576 2227 1951 2334 There were many pens on the desck
568 2328 1316 2429 poly were at scholl
670 2409 1606 2505 The streets was clean
609 2504 2085 2603 Was there much snow last Decembar
