4000 3000
1365 399 1801 565 Domnnyi ?
1046 544 1248 673 Ex 2
512 668 1354 760 We have closs large
503 759 1416 860 We have ka lass light
477 864 1512 963 Thie is pure pered soratamy
476 951 1411 1039 We is windovs clans
461 1045 1272 1133 Thers wery cloor
478 1125 1523 1229 How many windovs clin very
502 1216 1366 1311 have on the win dovsils
514 1311 1255 1396 b loscat clin mark
524 1408 1369 1502 have many now many
512 1494 1505 1577 have televeson clsroom
573 1598 1347 1675 Classrum clin o clok
552 1674 1064 1752 tinecor clin
634 1769 1430 1843 Y'uo rudem Drooud.
971 1834 1438 1937 Homework
977 1927 1327 2041 Ex 2 p 99
421 2018 1316 2130 1) I'm classroom is big
422 2127 962 2247 2) it is light
435 2177 1912 2308 3) it is clean before clasess it is messy
454 2310 1068 2396 after clasess
442 2393 1911 2489 4 the windows are wight the wells are
458 2494 1511 2586 green the desck are wight
2056 437 3498 540 5 The blec boar dboard is green the floor
2123 529 2961 638 and the door are wight
2054 631 2667 719 6 I have 3 win dows
2032 705 3551 816 7 I have 1 plant om win dowsil in poent potsa
2103 818 2306 892 lot of.
2056 887 3258 989 8 The blec boord isis on on the woll
2072 973 3504 1079 9 I heva a lot of piktures and photos.
2058 1052 3691 1167 10 We don't hove a felew is rom on our classroom
2585 1397 2936 1500 Clasworck
2227 1501 3029 1617 There is... (сущ ед ч)
2200 1599 3299 1705 There is o sofa in my room
2159 1685 3013 1790 There aron books and
3208 1847 3455 1931 January,
3097 1901 3531 2021 Jonrai 23
2592 2034 2980 2124 Classwerk
2526 2110 3047 2253 E 3 p 100 - 101
2168 2231 3069 2326 Ther are same appel
2173 2305 2987 2412 Ther is some a milk
2163 2378 3481 2508 There is some icm crim is the
